<?xml version="1.0" encoding="UTF-8"?><record xmlns="http://www.loc.gov/MARC21/slim" xmlns:cinclude="http://apache.org/cocoon/include/1.0" xmlns:zs="http://www.loc.gov/zing/srw/">
  <leader>00441nz  a2200121n  4500</leader>
  <controlfield tag="001">n 2007165308</controlfield>
  <controlfield tag="003">DLC</controlfield>
  <controlfield tag="005">20071116075008.0</controlfield>
  <controlfield tag="008">071115n| acannaabn          |n aaa      </controlfield>
  <datafield tag="010" ind1=" " ind2=" ">
    <subfield code="a">n 2007165308</subfield>
  </datafield>
  <datafield tag="040" ind1=" " ind2=" ">
    <subfield code="a">DLC</subfield>
    <subfield code="b">eng</subfield>
    <subfield code="c">DLC</subfield>
  </datafield>
  <datafield tag="100" ind1="1" ind2=" ">
    <subfield code="a">Bailey, William H.,</subfield>
    <subfield code="d">1836-1918</subfield>
  </datafield>
  <datafield tag="670" ind1=" " ind2=" ">
    <subfield code="a">NUCMC data from Freeport Historical Society for Melissa L. Polister album of friendship, 1857-1862</subfield>
    <subfield code="b">(William H. Bailey; 1836-1918; Freeport, Me.; m. Melissa L. Polister)</subfield>
  </datafield>
</record>